@article{article,
author = {Payan, Adrien and Montana, Giovanni},
year = {2015},
month = {02},
pages = {},
title = {Predicting Alzheimer's disease: a neuroimaging study with 3D convolutional neural networks},
volume = {2},
booktitle = {ICPRAM 2015 - 4th International Conference on Pattern Recognition Applications and Methods, Proceedings}
}