%%%%%%%%%%%%%%%%%%%%%%%%%%%%%%%%%%%%%%%%%%%%%%%%%%%%%%%%%%%%%%%%%%%
%%% Documento LaTeX 																						%%%
%%%%%%%%%%%%%%%%%%%%%%%%%%%%%%%%%%%%%%%%%%%%%%%%%%%%%%%%%%%%%%%%%%%
% Título:		Referencias bibliográficas
% Autor:  	Ignacio Moreno Doblas
% Fecha:  	2014-02-01
% Versión:	0.5.0
%%%%%%%%%%%%%%%%%%%%%%%%%%%%%%%%%%%%%%%%%%%%%%%%%%%%%%%%%%%%%%%%%%%%

@article{article,
author = {Payan, Adrien and Montana, Giovanni},
year = {2015},
month = {02},
pages = {},
title = {Predicting Alzheimer's disease: a neuroimaging study with 3D convolutional neural networks},
volume = {2},
booktitle = {ICPRAM 2015 - 4th International Conference on Pattern Recognition Applications and Methods, Proceedings}
}

@article{article, 
author = {Alzheimer?s Association},
title = {2014 Alzheimer?s Disease Facts and Figures. Alzheimer?s and Dementia},
year = {2017}
}

@InProceedings{pmlr-v9-glorot10a,
  title = 	 {Understanding the difficulty of training deep feedforward neural networks},
  author = 	 {Xavier Glorot and Yoshua Bengio},
  booktitle = 	 {Proceedings of the Thirteenth International Conference on Artificial Intelligence and Statistics},
  pages = 	 {249--256},
  year = 	 {2010},
  editor = 	 {Yee Whye Teh and Mike Titterington},
  volume = 	 {9},
  series = 	 {Proceedings of Machine Learning Research},
  address = 	 {Chia Laguna Resort, Sardinia, Italy},
  month = 	 {13--15 May},
  publisher = 	 {PMLR},
  pdf = 	 {http://proceedings.mlr.press/v9/glorot10a/glorot10a.pdf},
  url = 	 {http://proceedings.mlr.press/v9/glorot10a.html},
}